@Book{reisig2013understanding,
 author = {Reisig, Wolfgang},
 title = {Understanding petri nets : modeling techniques, analysis methods, case studies},
 publisher = {Springer},
 year = {2013},
 month = {07},
 day = {24},
 address = {Berlin},
 isbn = {978-3-642-33277-7},
 pagecount = {230},
}
